@string{CVPR    = {{IEEE} Conference on Computer Vision and Pattern Recognition (CVPR)}}
string{CVPR     = {Conference on Computer Vision and Pattern Recognition}}
@string{WACV    = {{IEEE} Workshop on Applications of Computer Vision (WACV)}}
string{WACV     = {Workshop on Applications of Computer Vision}}
@string{UAI     = {Conference on Uncertainty in Artificial Intelligence}}
@string{ICCV    = {{IEEE} International Conference on Computer Vision}}
@string{MVA     = {Machine Vision and Applications}}

@InProceedings{barbu:12,
  author =	 {Andrei Barbu and Alexander Bridge and Zachary
                  Burchill and Dan Coroian and Sven Dickinson and
                  Sanja Fidler and Aaron Michaux and Sam Mussman and
                  Siddharth Narayanaswamy and Dhaval Salvi and Lara
                  Schmidt and Jiangnan Shangguan and Jeffrey Mark
                  Siskind and Jarrell Waggoner and Song Wang and
                  Jinlian Wei and Yifan Yin and Zhiqi Zhang},
  title =	 {Video In Sentences Out},
  booktitle =	 UAI,
  pages =	 {102-112},
  year =	 2012,
  note =	 {[\href{http://arxiv.org/pdf/1204.2742v1.pdf}{PDF}]},
}

@TechReport{barbu:12b,
  author =	 {Andrei Barbu and Alexander Bridge and Dan Coroian
                  and Sven Dickinson and Sam Mussman and Siddharth
                  Narayanaswamy and Dhaval Salvi and Lara Schmidt and
                  Jiangnan Shangguan and Jeffrey Mark Siskind and
                  Jarrell Waggoner and Song Wang and Jinlian Wei and
                  Yifan Yin and Zhiqi Zhang},
  title =	 {Large-Scale Automatic Labeling of Video Events with
                  Verbs Based on Event-Participant Interaction},
  journal =	 {CoRR},
  volume =	 {abs/1204.3616},
  year =	 2012,
  ee =		 {http://arxiv.org/abs/1204.3616},
  url =		 {http://arxiv.org/abs/1204.3616},
  bibsource =	 {DBLP, http://dblp.uni-trier.de},
  note =	 {[\href{http://arxiv.org/pdf/1204.3616v1.pdf}{PDF}]},
}

@InProceedings{salvi:13a,
  author =	 {Salvi, Dhaval and Waggoner, Jarrell and Temlyakov,
                  Andrew and Wang, Song},
  title =	 {A Graph-Based Algorithm for Multi-Target Tracking
                  with Occlusion},
  booktitle =	 WACV,
  year =	 2013,
  note =         {[\href{https://cse.sc.edu/~songwang/document/wacv13b.pdf}{PDF}]}
}

@InProceedings{salvi:13b,
  author =	 {Salvi, Dhaval and Zhou, Jun and Waggoner, Jarrell
                  and Wang, Song},
  title =	 {Handwritten Text Segmentation using Average Longest
                  Path Algorithm},
  booktitle =	 WACV,
  year =	 2013,
  note =         {[\href{https://cse.sc.edu/~songwang/document/wacv13c.pdf}{PDF}]},
}

@InProceedings{temlyakov:10,
  author =	 {Temlyakov, Andrew and Munsell, Brent C. and
                  Waggoner, Jarrell and Wang, Song},
  title =	 {Two perceptually motivated strategies for shape
                  classification},
  booktitle =	 CVPR,
  year =	 2010,
  pages =	 {2289-2296},
  note =         {[\href{https://cse.sc.edu/~songwang/document/cvpr10a.pdf}{PDF}]},
}

@InProceedings{temlyakov:13,
  author =	 {Temlyakov, Andrew and Dalal, Pahal and Waggoner,
                  Jarrell and Salvi, Dhaval and Wang, Song},
  title =	 {Shape and Image Retrieval by Organizing Instances
                  Using Population Cues},
  booktitle =	 WACV,
  year =	 2013,
  note =         {[\href{https://cse.sc.edu/~songwang/document/wacv13a.pdf}{PDF}]},
}

@InProceedings{waggoner:11,
  author =	 {Jarrell Waggoner and Jeff Simmons and Song Wang},
  title =	 {Combining global labeling and local relabeling for
                  metallic image segmentation},
  booktitle =	 {Proceedings of SPIE (Computational Imaging X)},
  volume =	 8296,
  year =	 2012,
  address =	 {Burlingame, CA},
  note =         {[\href{https://cse.sc.edu/~songwang/document/spie12.pdf}{PDF}]},
}

@InProceedings{waggoner:12,
  author =	 {Jarrell Waggoner and Jeff Simmons and Marc De Graef
                  and Song Wang},
  title =	 {Graph Cut Approaches for Materials Segmentation
                  Preserving Shape, Appearance, and Topology},
  booktitle =	 {International Conference on {3D} Materials Science},
  pages =	 {147-152},
  year =	 2012,
  address =	 {Seven Springs, PA},
  note =         {[\href{https://cse.sc.edu/~songwang/document/3dms.pdf}{PDF}]},
}

@Article{waggoner:13a,
  author =	 {Jarrell Waggoner and Jeff Simmons and Marc De Graef
                  and Song Wang},
  title =	 {{3D} Materials Image Segmentation by {2D}
                  Propagation: {A} Graph-Cut Approach Considering
                  Homomorphism},
  journal =	 {{IEEE} Transactions on Image Processing},
  volume =	 22,
  issue =	 12,
  year =	 {2013},
  note =         {[\href{https://cse.sc.edu/~songwang/document/tip13b.pdf}{PDF}]},
}

InProceedings{waggoner:13b,
  author =	 {Jarrell Waggoner and Youjie Zhou and Jeff Simmons
                  and Marc De Graef and Song Wang},
  title =	 {Topology-Preserving Multi-Label Segmentation by
                  Propagating Constrained Ring Structures and Its
                  Application to Grain Image Segmentation},
  booktitle =	 ICCV,
  year =	 {(under review)},
}

@InProceedings{waggoner:13c,
  author =	 {Jarrell Waggoner and Youjie Zhou and Jeff Simmons
                  and Ayman Salem and Marc De Graef and Song Wang},
  title =	 {Interactive Grain Image Segmentation using Graph Cut
                  Algorithms},
  booktitle =	 {Proceedings of SPIE (Computational Imaging XI)},
  address =	 {Burlingame, CA},
  year =	 {2013},
  note =         {[\href{https://cse.sc.edu/~songwang/document/spie13.pdf}{PDF}]},
}

@Article{waggoner:14,
  author =	 {Jarrell Waggoner and Youjie Zhou and Jeff Simmons
                  and Marc De Graef and Song Wang},
  title =	 {Graph-Cut Based Interactive Segmentation of {3D}
                  Materials-Science Images},
  journal =	 MVA,
  keyword =	 {},
  pages =	 {1615-1629},
  volume =	 25,
  issue =	 6,
  year =	 2014,
  note =         {[\href{https://cse.sc.edu/~songwang/document/mva14a.pdf}{PDF}]},
}

@phdthesis{waggoner:phd,
  type =	 {Dissertation},
  title =	 {Multi-Label Segmentation Propagation for Materials
                  Science Images Incorporating Topology and
                  Interactivity},
  author =	 {Jarrell Waggoner},
  school =	 {University of South Carolina},
  year =	 {2013},
  note =         {[\href{http://scholarcommons.sc.edu/etd/2353/}{PDF}]},
}

@Article{wang:11,
  author =	 {Wang, Song and Waggoner, Jarrell and Simmons, Jeff},
  affiliation =	 {Department of Computer Science and Engineering,
                  University of South Carolina, 315 Main Street,
                  Columbia, SC 29208, USA},
  title =	 {Graph-cut methods for grain boundary segmentation},
  journal =	 {JOM Journal of the Minerals, Metals and Materials
                  Society},
  publisher =	 {Springer Boston},
  issn =	 {1047-4838},
  keyword =	 {Chemistry and Materials Science},
  pages =	 {49-51},
  volume =	 63,
  issue =	 7,
  year =	 2011,
  note =         {[\href{https://cse.sc.edu/~songwang/document/jom11.pdf}{PDF}]},
}

@InProceedings{zhang:10,
  author =	 {Zhang, Zhiqi and Cao, Yu and Salvi, Dhaval and
                  Oliver, Kenton and Waggoner, Jarrell and Wang, Song},
  title =	 {Free-shape subwindow search for object localization},
  booktitle =	 CVPR,
  year =	 2010,
  pages =	 {1086-1093},
  address =	 {San Francisco, CA},
  note =         {[\href{https://cse.sc.edu/~songwang/document/cvpr10b.pdf}{PDF}]},
}

@InProceedings{zhang:12,
  author =	 {Zhiqi Zhang and Sanja Fidler and Jarrell Waggoner
                  and Yu Cao and Sven Dickinson and Jeffrey Mark
                  Siskind and Song Wang},
  title =	 {Superedge Grouping for Object Localization by
                  Combining Appearance and Shape Information},
  booktitle =	 CVPR,
  year =	 2012,
  pages =	 {3266-3273},
  address =	 {Providence, RI},
  note =         {[\href{https://cse.sc.edu/~songwang/document/cvpr12.pdf}{PDF}]},
}

@InProceedings{zhou:14,
  author =	 {Youjie Zhou and Lili Ju and Yu Cao and Jarrell
                  Waggoner and Yuewei Lin and Jeff Simmons and Song
                  Wang},
  title =	 {Edge-Weighted Centroid Voronoi Tessellation with
                  Propagation of Consistency Constraint for {3D} Grain
                  Segmentation in Microscopic Superalloy Images},
  booktitle =	 {{CVPR} Workshop on Perception Beyond the Visible
                  Spectrum ({PBVS})},
  year =	 2014,
  note =         {[\href{https://cse.sc.edu/~songwang/document/pbvs14.pdf}{PDF}]},
}

@InProceedings{waggoner:15,
  author =	 {Jarrell Waggoner and Youjie Zhou and Jeff Simmons
                  and Marc De Graef and Song Wang},
  title =	 {Topology-Preserving Multi-Label Image Segmentation},
  booktitle =	 WACV,
  year =	 2015,
  pages =	 {1084-1091},
  address =	 {Waikoloa Beach, HI},
  note =         {[\href{https://cse.sc.edu/~songwang/document/wacv15c.pdf}{PDF}]},
}

@InProceedings{derrick:16,
  author =	 {Derrick. C. Spell and Ling-Yong Wang and Richard
                  T. Shomer and Bahador Nooraei and Jarrell Waggoner
                  and Xaio-Han T. Zeng and Jae Y. Chung and Kai-Chen
                  Cheng and Daniel Kirsche},
  booktitle =	 {{IEEE} International Conference on Big Data},
  title =	 {{QED}: Groupon's {ETL} management and curated
                  feature catalog system for machine learning},
  year =	 2016,
  pages =	 {1639-1646},
  doi =		 {10.1109/BigData.2016.7840776},
  month =	 {Dec},
  note =         {[\href{http://ieeexplore.ieee.org/document/7840776/}{Link}]}
}

@Presentation{posscon:15,
  title =	 {Rules Engines: Logic As Data Structure},
  organization = {Palmetto Open Source Software Conference},
  address =	 {Columbia, SC},
  year =	 {2015},
  month =	 {April},
  day =		 {14},
  note =         {{[\href{http://www.malloc47.com/posscon2015/}{Slides}]}}
}

@Presentation{ato:13,
  title =	 {Python for Computer Vision},
  organization = {All Things Open},
  address =	 {Raleigh, NC},
  year =	 {2013},
  month =	 {October},
  day =		 {24},
  note =	 {{[\href{http://www.malloc47.com/ato2013/}{Slides}]}}
}

@Presentation{gsd:13,
  title =	 {Interactive Grain Image Segmentation Using Graph Cut
                  Algorithms},
  organization = {{USC} Graduate Student Day},
  address =	 {Columbia, SC},
  year =	 {2013},
  month =	 {April},
  day =		 {12},
  note =	 {{[\href{http://www.malloc47.com/gsd2013/}{Slides}]}}
}

@Presentation{posscon:13,
  title =	 {Extending Django},
  organization = {Palmetto Open Source Software Conference},
  address =	 {Columbia, SC},
  year =	 {2013},
  month =	 {March},
  day =		 {28},
  note =         {{[\href{http://www.malloc47.com/posscon2013/}{Slides}]}}
}

@Presentation{uscl:13,
  title =	 {Computer Science: Research, Industry, and
                  Entrepreneurship},
  organization = {Careers in Science Lecture Series},
  address =	 {Lancaster, SC},
  year =	 {2013},
  month =	 {March},
  day =		 {6},
  note =         {{[\href{http://www.malloc47.com/cs-careers/}{Slides}]}}
}

@Presentation{spie:13,
  title =	 {Interactive Grain Image Segmentation Using Graph Cut
                  Algorithms},
  organization = {{SPIE} (Computational Imaging {XI})},
  address =	 {Burlingame, CA},
  year =	 {2013},
  month =	 {February},
  day =		 {6},
  note =         {{[\href{http://www.malloc47.com/spie2013/}{Slides}]}}
}

@Presentation{appathon:12,
  title =	 {Android Application Development Workshop},
  organization = {Appathon Contest},
  address =	 {Columbia, SC},
  year =	 {2012},
  month =	 {November},
  day =		 {17}
}

@Presentation{uscsymposium:12,
  title =	 {Homeomorphic Multi-Structure Propagation for
                  Metallic Image Segmentation},
  organization = {Gamecock Computing Research Symposium},
  address =	 {Columbia, SC},
  year =	 {2012},
  month =	 {October},
  day =		 {5}
}

@Presentation{scmta:12,
  title =	 {Open Source and Education},
  organization = {SC Municipal Technology Association ({SCMTA})
                  Conference},
  address =	 {Charleston, SC},
  year =	 {2012},
  month =	 {September},
  day =		 {6}
}

@Presentation{sctcs:12,
  title =	 {Open Source and Higher Education},
  organization = {SC Technical College System ({SCTCS}) Conference},
  address =	 {Columbia, SC},
  year =	 {2012},
  month =	 {September},
  day =		 {25}
}

@Presentation{dhhpc:12,
  title =	 {Introduction to Android Development},
  organization = {Digital Humanities High Performance Computing
                  ({DHHPC}) Workshop},
  address =	 {Columbia, SC},
  year =	 {2012},
  month =	 {August},
  day =		 {8}
}

@Presentation{spie:12,
  title =	 {Combining Global Labeling and Local Relabeling for
                  Metallic Image Segmentation},
  organization = {{SPIE} (Computational Imaging {X})},
  address =	 {Burlingame, CA},
  year =	 {2012},
  month =	 {January},
  day =		 {23}
}

@Presentation{scgmis:12,
  title =	 {Open Source and Government},
  organization = {SC Government Management Information Systems
                  ({SCGMIS}) Software Developers Workshop},
  address =	 {Columbia, SC},
  year =	 {2012},
  month =	 {January},
  day =		 {19}
}

@Presentation{darpa:11,
  title =	 {Superpixel Contour Completion},
  organization = {{DARPA} Mind's Eye {PI} Meeting},
  address =	 {Denver, CO},
  year =	 {2011},
  month =	 {January},
  day =		 {20}
}
